@online{SlightIncreaseNumber,
  title     = {Slight Increase in the Number of Road Fatalities in 2023},
  year      = {2024},
  url       = {https://www.springerprofessional.de/road-safety/companies---institutions/slight-increase-in-the-number-of-road-fatalities-in-2023/26824974},
  urldate   = {2025-07-13},
  note      = {Springer Professional; Unfallstatistik 2023}
}

@book{miller2021bluetooth,
  author    = {Townsend, Kevin and Cufí, Carles and Akiba and Davidson, Robert},
  title     = {Getting Started with Bluetooth Low Energy: Tools and Techniques for Low-Power Networking},
  edition   = {},
  publisher = {O’Reilly Media},
  year      = {2021}
}

@online{uBloxAoAWhitepaper,
  author    = {{u-blox AG}},
  title     = {Using Bluetooth AoA for High-Precision Indoor Positioning},
  year      = {2021},
  url       = {https://www.u-blox.com/en/docs/UBX-19055559},
  urldate   = {2025-07-13},
  note      = {Whitepaper zur AoA-Funktionsweise}
}

@online{androidBLElimitation,
  author    = {{Android Developers}},
  title     = {Bluetooth Low Energy — Android Developers Guide},
  year      = {2023},
  url       = {https://developer.android.com/guide/topics/connectivity/bluetooth-le},
  urldate   = {2025-07-13},
  note      = {Zugriffs­beschränkungen auf BLE-Sende­parameter unter Android 12+}
}

@book{poole2020data,
  author    = {Austerlitz, Howard},
  title     = {Data Acquisition Techniques Using PCs},
  edition   = {2},
  publisher = {Academic Press},
  address   = {San Diego},
  year      = {2002},
  note      = {Standardwerk zu PC-basierten Daten­aufnahme­systemen}
}

@book{smith2018sensors,
  author    = {Fraden, Jacob},
  title     = {Handbook of Modern Sensors: Physics, Designs, and Applications},
  edition   = {5},
  publisher = {Springer},
  address   = {Cham},
  year      = {2016},
  note      = {Grundlagen­werk zu Sensor­prinzipien u. Datenerfassung}
}

@online{dewesoft2024guide,
  author    = {Dewesoft},
  title     = {What Is a Data Logger (Datalogger) – The Ultimate Guide},
  year      = {2024},
  url       = {https://dewesoft.com/blog/what-is-data-logger},
  urldate   = {2025-07-13}
}

@online{rs2022guide,
  author    = {{RS Components}},
  title     = {A Complete Guide to Data Loggers},
  year      = {2022},
  url       = {https://uk.rs-online.com/web/content/discovery/ideas-and-advice/data-loggers-guide},
  urldate   = {2025-07-13}
}

@incollection{cpp_python_integration,
  title={Combining Python with Fortran, C, and C++},
  author={Langtangen, Hans Petter},
  booktitle={Python Scripting for Computational Science},
  pages={169--204},
  year={2004},
  publisher={Springer}
}
@online{json_logging_bestpractices,
  author    = {Isaiah, Ayooluwa},
  title     = {A Beginner’s Guide to JSON Logging},
  year      = {2024},
  url       = {https://betterstack.com/community/guides/logging/json-logging},
  urldate   = {2025-07-13}
}

@book{tkinter_book,
  author    = {Moore, Alan D.},
  title     = {Python GUI Programming with Tkinter},
  edition   = {2},
  publisher = {Packt Publishing},
  year      = {2021}
}

@book{myers_testing,
  author    = {Myers, Glenford J. and Sandler, Tom and Badgett, Corey},
  title     = {The Art of Software Testing},
  edition   = {4},
  publisher = {Wiley},
  year      = {2020}
}

@online{nielsen_usability,
  author    = {Nielsen, Jakob},
  title     = {Usability 101: Introduction to Usability},
  year      = {2012},
  url       = {https://www.nngroup.com/articles/usability-101-introduction-to-usability/},
  urldate   = {2025-07-13}
}

@article{thurmond2001point,
  title={The point of triangulation},
  author={Thurmond, Veronica A},
  journal={Journal of nursing scholarship},
  volume={33},
  number={3},
  pages={253--258},
  year={2001},
  publisher={Wiley Online Library}
}
@book{kalman_filter_book,
  author    = {Simon, Dan},
  title     = {Optimal State Estimation: Kalman, H-Infinity, and Nonlinear Approaches},
  publisher = {Wiley},
  year      = {2006}
}

@article{buyuksalih20173d,
  title={3D modelling and visualization based on the unity game engine--advantages and challenges},
  author={Buyuksalih, Ismail and Bayburt, Serdar and Buyuksalih, Gurcan and Baskaraca, AP and Karim, Hairi and Rahman, Alias Abdul},
  journal={ISPRS Annals of the Photogrammetry, Remote Sensing and Spatial Information Sciences},
  volume={4},
  pages={161--166},
  year={2017},
  publisher={Copernicus GmbH}
}
}

@book{webgl_book,
  author    = {Parisi, Tony},
  title     = {WebGL: Up and Running},
  publisher = {O’Reilly Media},
  year      = {2012}
}

@book{ux_design_book,
  author    = {Norman, Don},
  title     = {The Design of Everyday Things},
  edition   = {Revised},
  publisher = {MIT Press},
  year      = {2013}
}

@book{software_architecture_modular,
  author    = {Bass, Len and Clements, Paul and Kazman, Rick},
  title     = {Software Architecture in Practice},
  edition   = {4},
  publisher = {Addison-Wesley},
  year      = {2021}
}

@online{abbiegeassistent-foerderung,
  author    = {{Abbiegeassistent.de}},
  title     = {Förderung von Abbiegeassistenzsystemen},
  year      = {2024},
  url       = {https://www.abbiegeassistent.de/foerderung/},
  urldate   = {2025-07-13},
  langid    = {german},
  note      = {Bildquelle zu Abb.\,\ref{fig:abbiegeassistent}}
}

@online{u-blox-xplr-aoa2,
  author    = {{u-blox AG}},
  title     = {XPLR-AOA-2 Kit: Bluetooth AoA/AoD Explorer Kit},
  year      = {2025},
  url       = {https://www.u-blox.com/en/product/xplr-aoa-2-kit},
  urldate   = {2025-07-13},
  note      = {Bildquelle zu Abb.\,\ref{fig:xplr-aoa}}
}

@online{wikipedia-datalogger,
  author    = {{Wikipedia contributors}},
  title     = {Data Logger — Wikipedia, the free encyclopedia},
  year      = {2025},
  url       = {https://en.wikipedia.org/wiki/Data_logger},
  urldate   = {2025-07-13},
  note      = {Bildquelle zu Abb.\,\ref{fig:datenlogger_cube}}
}

@online{tadic-studienarbeit-ui,
  author       = {Tadic, Luka},
  title        = {Studienarbeit – GitHub Repository (Branch “ui”)},
  year         = {2025},
  url          = {https://github.com/Lukiano12/Studienarbeit/tree/ui},
  urldate      = {2025-07-13},
  note         = {Quellcodebasis zur Visualisierungsoberfläche}
}

@online{comconsult-wlan-ortung,
  author    = {{ComConsult GmbH}},
  title     = {Ortung via WLAN – Funktionsweise und Einsatzgebiete},
  year      = {2023},
  url       = {https://www.comconsult.com/ortung-wlan/},
  urldate   = {2025-07-13},
  langid    = {german},
  note      = {Abbildung zur Triangulation (Abb.\,\ref{fig:datenlogger_flow})}
}
